<record><leader>00000cas a2200000 a 4500</leader><controlfield tag="001">8624449</controlfield><controlfield tag="007">hd afv---baca</controlfield><controlfield tag="007">hd bfv---baaa</controlfield><controlfield tag="008">820723d18701910iluwr nea     0    0eng c</controlfield><datafield ind1=" " ind2=" " tag="010"><subfield code="a">   00221512 </subfield></datafield><datafield ind1=" " ind2=" " tag="040"><subfield code="a">VYN</subfield><subfield code="b">eng</subfield><subfield code="c">VYN</subfield><subfield code="d">ATL</subfield><subfield code="d">OCLCQ</subfield><subfield code="d">ATL</subfield><subfield code="d">OCLCQ</subfield></datafield><datafield ind1=" " ind2=" " tag="042"><subfield code="a">pcc</subfield></datafield><datafield ind1=" " ind2=" " tag="043"><subfield code="a">n-us---</subfield><subfield code="a">n-us-il</subfield></datafield><datafield ind1="1" ind2="4" tag="050"><subfield code="a">BX8901</subfield></datafield><datafield ind1="0" ind2=" " tag="130"><subfield code="a">Interior (Chicago, Ill.)</subfield></datafield><datafield ind1="1" ind2="4" tag="245"><subfield code="a">The Interior</subfield><subfield code="h">[microform].</subfield></datafield><datafield ind1=" " ind2=" " tag="260"><subfield code="a">Chicago :</subfield><subfield code="b">Western Presbyterian Pub. Co.,</subfield><subfield code="c">1870-1910.</subfield></datafield><datafield ind1=" " ind2=" " tag="300"><subfield code="a">41 v. :</subfield><subfield code="b">ill. ;</subfield><subfield code="c">33-61 cm.</subfield></datafield><datafield ind1=" " ind2=" " tag="310"><subfield code="a">Weekly</subfield></datafield><datafield ind1="0" ind2=" " tag="362"><subfield code="a">Vol. 1, no. 1 (Mar. 17, 1870)-v. 41, no. 2105 (Sept. 29, 1910).</subfield></datafield><datafield ind1=" " ind2=" " tag="500"><subfield code="a">Masthead states "Chicago and St. Louis," May 22, 1873-Aug. 1, 1878.</subfield></datafield><datafield ind1=" " ind2=" " tag="520"><subfield code="a">Issues for Jan 12, 1888-Jan. 1889 include monthly "Magazine supplement."</subfield></datafield><datafield ind1=" " ind2=" " tag="580"><subfield code="a">Absorbed The Christian hour in Jan., 1888, and from Jan. to June?, 1888, The Interior was issued also in a "Christian hour ed." called: The Interior &amp; Christian hour.</subfield></datafield><datafield ind1=" " ind2=" " tag="580"><subfield code="a">Merged with: Westminster (Philadelphia, Pa.); to form: Continent (Chicago, Ill.).</subfield></datafield><datafield ind1=" " ind2=" " tag="533"><subfield code="a">Microfilm.</subfield><subfield code="m">v.1-41 (1870-1910):[Lacks:v.10:no. 484;v.23:no. 1150]</subfield><subfield code="b">Evanston, Ill. :</subfield><subfield code="c">American Theological Library Association,</subfield><subfield code="d">1969.</subfield><subfield code="e">59 microfilm reels ; 35 mm.</subfield><subfield code="f">(ATLA serials preservation program ; ATLA film S0160A).</subfield><subfield code="n">Reel 59 includes some issues of: Continent (Chicago, Ill.).</subfield></datafield><datafield ind1=" " ind2="0" tag="650"><subfield code="a">Presbyterians</subfield><subfield code="z">United States</subfield><subfield code="v">Newspapers.</subfield></datafield><datafield ind1=" " ind2="0" tag="650"><subfield code="a">Christianity</subfield><subfield code="z">United States</subfield><subfield code="v">Newspapers.</subfield></datafield><datafield ind1=" " ind2="0" tag="651"><subfield code="a">Chicago (Ill.)</subfield><subfield code="v">Newspapers.</subfield></datafield><datafield ind1=" " ind2="0" tag="651"><subfield code="a">Cook County (Ill.)</subfield><subfield code="v">Newspapers.</subfield></datafield><datafield ind1="1" ind2=" " tag="775"><subfield code="t">Interior &amp; Christian hour</subfield><subfield code="g">Jan.-June? 1888</subfield></datafield><datafield ind1="1" ind2=" " tag="776"><subfield code="c">Original</subfield><subfield code="w">(DLC)sn 85033499</subfield><subfield code="w">(OCoLC)12005262</subfield></datafield><datafield ind1="0" ind2="0" tag="780"><subfield code="t">Western Presbyterian (Danville, Ky.)</subfield></datafield><datafield ind1="1" ind2="5" tag="780"><subfield code="t">Christian hour</subfield><subfield code="g">Jan. 1888</subfield></datafield><datafield ind1="0" ind2="5" tag="780"><subfield code="t">Western Presbyterian (Minneapolis, Minn)</subfield><subfield code="g">1902</subfield></datafield><datafield ind1="1" ind2="7" tag="785"><subfield code="t">Westminster (Philadelphia, Pa.)</subfield></datafield><datafield ind1="1" ind2="7" tag="785"><subfield code="t">Continent (Chicago, Ill.)</subfield><subfield code="w">(DLC)   00221514</subfield><subfield code="w">(OCoLC)8625641</subfield></datafield><datafield ind1=" " ind2="0" tag="830"><subfield code="a">ATLA serials preservation program ;</subfield><subfield code="v">ATLA film S0160A.</subfield></datafield><datafield ind1="1" ind2=" " tag="029"><subfield code="a">AU@</subfield><subfield code="b">000021632057</subfield></datafield></record>